@Manual{R-OpenMx,
  title = {OpenMx: Extended Structural Equation Modelling},
  author = {Steven M. Boker and Michael C. Neale and Hermine H. Maes and Michael Spiegel and Timothy R. Brick and Ryne Estabrook and Timothy C. Bates and Ross J. Gore and Michael D. Hunter and Joshua N. Pritikin and Mahsa Zahery and Robert M. Kirkpatrick},
  year = {2020},
  note = {R package version 2.18.1},
  url = {https://CRAN.R-project.org/package=OpenMx},
}

@Manual{R-base,
  title = {R: A Language and Environment for Statistical Computing},
  author = {{R Core Team}},
  organization = {R Foundation for Statistical Computing},
  address = {Vienna, Austria},
  year = {2020},
  url = {https://www.R-project.org/},
}

@Manual{R-bookdown,
  title = {bookdown: Authoring Books and Technical Documents with R Markdown},
  author = {Yihui Xie},
  year = {2020},
  note = {R package version 0.21},
  url = {https://github.com/rstudio/bookdown},
}

@Manual{R-knitr,
  title = {knitr: A General-Purpose Package for Dynamic Report Generation in R},
  author = {Yihui Xie},
  year = {2020},
  note = {R package version 1.30},
  url = {https://yihui.org/knitr/},
}

@Manual{R-lavaan,
  title = {lavaan: Latent Variable Analysis},
  author = {Yves Rosseel and Terrence D. Jorgensen and Nicholas Rockwood},
  year = {2020},
  note = {R package version 0.6-7},
  url = {http://lavaan.org},
}

@Manual{R-ramR,
  title = {ramR: Reticular Action Model (RAM) Notation},
  author = {Ivan Jacob Agaloos Pesigan},
  year = {2021},
  note = {R package version 0.9.0},
  url = {https://github.com/jeksterslab/ramR},
}

@Manual{R-rmarkdown,
  title = {rmarkdown: Dynamic Documents for R},
  author = {JJ Allaire and Yihui Xie and Jonathan McPherson and Javier Luraschi and Kevin Ushey and Aron Atkins and Hadley Wickham and Joe Cheng and Winston Chang and Richard Iannone},
  year = {2020},
  note = {R package version 2.6},
  url = {https://github.com/rstudio/rmarkdown},
}

@Article{OpenMx2016,
  title = {Open{M}x 2.0: {E}xtended structural equation and statistical modeling},
  author = {Michael C. Neale and Michael D. Hunter and Joshua N. Pritikin and Mahsa Zahery and Timothy R. Brick and Robert M. Kirkpatrick and Ryne Estabrook and Timothy C. Bates and Hermine H. Maes and Steven M. Boker},
  journal = {Psychometrika},
  publisher = {Psychometric Society},
  year = {2016},
  volume = {81},
  number = {2},
  pages = {535-549},
  doi = {10.1007/s11336-014-9435-8},
}

@Article{OpenMx2015,
  title = {Modular open-source software for {I}tem {F}actor {A}nalysis},
  author = {Joshua N. Pritikin and Michael D. Hunter and Steven M. Boker},
  journal = {Educational and Psychological Measurement},
  year = {2015},
  volume = {75},
  number = {3},
  pages = {458-474},
}

@Article{OpenMx2018,
  title = {State Space Modeling in an Open Source, Modular, Structural Equation Modeling Environment},
  author = {Michael D. Hunter},
  journal = {Structural Equation Modeling},
  year = {2018},
  volume = {25},
  number = {2},
  pages = {307-324},
  doi = {10.1080/10705511.2017.1369354},
}

@Manual{OpenMx2020,
  title = {OpenMx 2.18.1 User Guide},
  year = {2020},
  author = {Steven M. Boker and Michael C. Neale and Hermine H. Maes and Michael J. Wilde and Michael Spiegel and Timothy R. Brick and Ryne Estabrook and Timothy C. Bates and Paras Mehta and Timo {von Oertzen} and Ross J. Gore and Michael D. Hunter and Daniel C. Hackett and Julian Karch and Andreas M. Brandmaier and Joshua N. Pritikin and Mahsa Zahery and Robert M. Kirkpatrick and Yang Wang and Ben Goodrich and Charles Driver and {Massachusetts Institute of Technology} and S. G. Johnson and {Association for Computing Machinery} and Dieter Kraft and Stefan Wilhelm and Sarah Medland and Carl F. Falk and Matt Keller and {Manjunath B G} and {The Regents of the University of California} and Lester Ingber and Wong {Shao Voon} and Juan Palacios and Jiang Yang and Gael Guennebaud and Jitse Niesen},
}

@Book{bookdown2016,
  title = {bookdown: Authoring Books and Technical Documents with {R} Markdown},
  author = {Yihui Xie},
  publisher = {Chapman and Hall/CRC},
  address = {Boca Raton, Florida},
  year = {2016},
  note = {ISBN 978-1138700109},
  url = {https://github.com/rstudio/bookdown},
}

@Book{knitr2015,
  title = {Dynamic Documents with {R} and knitr},
  author = {Yihui Xie},
  publisher = {Chapman and Hall/CRC},
  address = {Boca Raton, Florida},
  year = {2015},
  edition = {2nd},
  note = {ISBN 978-1498716963},
  url = {https://yihui.org/knitr/},
}

@InCollection{knitr2014,
  booktitle = {Implementing Reproducible Computational Research},
  editor = {Victoria Stodden and Friedrich Leisch and Roger D. Peng},
  title = {knitr: A Comprehensive Tool for Reproducible Research in {R}},
  author = {Yihui Xie},
  publisher = {Chapman and Hall/CRC},
  year = {2014},
  note = {ISBN 978-1466561595},
  url = {http://www.crcpress.com/product/isbn/9781466561595},
}

@Article{lavaan2012,
  title = {{lavaan}: An {R} Package for Structural Equation Modeling},
  author = {Yves Rosseel},
  journal = {Journal of Statistical Software},
  year = {2012},
  volume = {48},
  number = {2},
  pages = {1--36},
  url = {http://www.jstatsoft.org/v48/i02/},
}

@Book{rmarkdown2018,
  title = {R Markdown: The Definitive Guide},
  author = {Yihui Xie and J.J. Allaire and Garrett Grolemund},
  publisher = {Chapman and Hall/CRC},
  address = {Boca Raton, Florida},
  year = {2018},
  note = {ISBN 9781138359338},
  url = {https://bookdown.org/yihui/rmarkdown},
}

@Book{rmarkdown2020,
  title = {R Markdown Cookbook},
  author = {Yihui Xie and Christophe Dervieux and Emily Riederer},
  publisher = {Chapman and Hall/CRC},
  address = {Boca Raton, Florida},
  year = {2020},
  note = {ISBN 9780367563837},
  url = {https://bookdown.org/yihui/rmarkdown-cookbook},
}

